@inproceedings{koenig2006real,
  title={Real-time adaptive A*},
  author={Koenig, Sven and Likhachev, Maxim},
  booktitle={Proceedings of the fifth international joint conference on Autonomous agents and multiagent systems},
  pages={281--288},
  year={2006},
  organization={ACM}
}

@misc{wiki:mazegenalg,
  author="Wikipedia",
  title="Maze generation algorithm --- Wikipedia{,} The Free Encyclopedia",
  howpublished="\url{https://en.wikipedia.org/w/index.php?title=Maze_generation_algorithm&oldid=679876968}",
  note="[Online; accessed 4-October-2015]"
}

@misc{web:gridworld,
  author="CollegeBoard",
  title="{AP} Central GridWorld Case Study",
  howpublished="\url{http://apcentral.collegeboard.com/apc/public/courses/teachers_corner/151155.html}",
  note="[Online; accessed 2-October-2015]"
}
